@book{sicp, 
    place={Cambridge, Massachusetts}, 
    edition={Second edition},
    isbn={0-262-01153-0},
    title={Structure and Interpretation of Computer Programs}, 
    publisher={MIT Press}, 
    author={Abelson, Harold and Sussman, Gerald Jay and Sussman, Julie}, 
    year={1996},
    shorthand = {SICP},
} 

@book{tapl,
    place={Cambridge, Massachusetts}, 
    isbn={0-262-16209-1},
    title={Types and Programming Languages}, 
    publisher={The MIT Press}, 
    author={Pierce, Benjamin C.}, 
    year={2002},
    shorthand = {TAPL},
} 